Quarter,Revenue
2014Q1,1050
2014Q2,1005
2014Q3,1169
2014Q4,1420
2015Q1,1566
2015Q2,1824
2015Q3,2085
2015Q4,2405
2016Q1,2566
2016Q2,2886
2016Q3,3231
2016Q4,3536
2017Q1,3661
2017Q2,4100
2017Q3,4584
2017Q4,5113
2018Q1,5442
2018Q2,6105
2018Q3,6679
2018Q4,7430
2019Q1,7696
2019Q2,8381
2019Q3,8995
2019Q4,9954
2020Q1,10219
2020Q2,10808
2020Q3,11601
2020Q4,12742
2021Q1,13503
2021Q2,14809
2021Q3,16110
2021Q4,17780
