Quarter,Revenue
2015Q4,750
2016Q1,849
2016Q2,745
2016Q3,811
2016Q4,841
2017Q1,917
2017Q2,825
2017Q3,917
2017Q4,917
2018Q1,1045
2018Q2,963
2018Q3,958
2018Q4,1039
2019Q1,1203
2019Q2,1090
2019Q3,1058
2019Q4,1124
2020Q1,1256
2020Q2,1071
2020Q3,1010
2020Q4,1126
2021Q1,1335
2021Q2,1250
2021Q3,1340
2021Q4,1376
